@manual{abntex2classe,
	Annote = {Este documento substitui o \cite{abnt-classe-doc}},
	Author = {Equipe abnTeX2},
	Date-Added = {2012-12-19 13:08:40 +0000},
	Date-Modified = {2012-12-19 13:09:59 +0000},
	Organization = {Equipe abnTeX2},
	Title = {A classe abntex2: Modelo can{\^o}nico de trabalhos acad{\^e}micos brasileiros compat{\'\i}vel com as normas ABNT NBR 14724:2011, ABNT NBR 6024:2012 e outras},
	Url = {http://code.google.com/p/abntex2/},
	Year = {2012},
	Bdsk-Url-1 = {http://code.google.com/p/abntex2/}}

@manual{abntex2cite-alf,
	Annote = {Este documento {\'e} derivado do \cite{abnt-bibtex-alf-doc}},
	Author = {Equipe abnTeX2},
	Date-Added = {2012-12-19 13:08:00 +0000},
	Date-Modified = {2012-12-19 13:08:30 +0000},
	Organization = {Equipe abnTeX2},
	Title = {Manual de uso do pacote abntex2cite: t{\'o}picos espec{\'\i}ficos da ABNT NBR 10520:2002 e o estilo bibliogr{\'a}fico alfab{\'e}tico (sistema autor-data},
	Url = {http://code.google.com/p/abntex2/},
	Year = {2012},
	Bdsk-Url-1 = {http://code.google.com/p/abntex2/}}

@manual{abntex2cite,
	Annote = {Este documento {\'e} derivado do \cite{abnt-bibtex-doc}},
	Author = {Equipe abnTeX2},
	Date-Added = {2012-12-19 13:06:14 +0000},
	Date-Modified = {2012-12-19 13:07:44 +0000},
	Organization = {Equipe abnTeX2},
	Title = {Manual de uso dos estilos bibliogr{\'a}ficos do pacote abntex2: estilos bibtex compat{\'\i}veis com a ABNT NBR 6023:2000},
	Url = {http://code.google.com/p/abntex2/},
	Year = {2012}}

@manual{abnt-bibtex-doc,
	Author = {Gerald Weber},
	Organization = {Grupo abnTeX},
	Title = {Estilo bibtex compat{\'\i}vel com a `norma' 6023/2000 da {ABNT}},
	Url = {http://abntex.codigolivre.org.br},
	Year = {2003},
	Bdsk-Url-1 = {http://abntex.codigolivre.org.br}}

@manual{abnt-bibtex-alf-doc,
	Author = {Gerald Weber},
	Organization = {Grupo abnTeX},
	Subtitle = {Quest\~oes espec{\'\i}ficas da `norma' 10520/2001},
	Title = {Estilo bibtex compat{\'\i}vel com a `norma' 6023/2000 da {ABNT}},
	Url = {http://abntex.codigolivre.org.br},
	Year = {2003},
	Bdsk-Url-1 = {http://abntex.codigolivre.org.br}}

@manual{abnt-classe-doc,
	Author = {Santini Frasson, Miguel Vin{\'\i}cius},
	Organization = {Grupo abnTeX},
	Subtitle = {confec{\c c}{\~a}o de trabalhos acad{\^e}micos em {\LaTeX} segundo as normas {ABNT}},
	Title = {Classe {ABNT}},
	Url = {http://abntex.codigolivre.org.br},
	Year = {2002},
	Bdsk-Url-1 = {http://abntex.codigolivre.org.br}}

@manual{tabela-simbolos-doc,
	Author = {Gerald Weber},
	Organization = {Grupo abnTeX},
	Title = {Tabelas de s{\'\i}mbolos usando makeindex},
	Url = {http://abntex.codigolivre.org.br},
	Year = {2003},
	urlaccessdate={20 jun. 2007}
}

@book{knuth,
    title={The texbook},
    author={Knuth, D.E. and Bibby, D. and Makai, I.},
    volume={1993},
    year={1986},
    publisher={Addison-Wesley}
}

@misc{lamport,
    title={Document Preparation System},
    author={Lamport, L. and LaTEX, A.},
    year={1994},
    publisher={Addison-Wesley}
}




@book{lrparsing,
    title={LR Parsing},
		subtitle={Theory and Practice},
    author={Nigel, P. C.},
    address={Cambridge},
    year={1987},
    publisher={Cambridge University Press}
}

@book{intautomata,
    title={Introduction to Automata Theory, Languages, and Computation},
    author={Hopcroft, J. E. and Ullman, J. D.},
    address={Reading, Massachusetts},
    edition={2},
    year={1979},
    publisher={Addison-Wesley}
}

@book{inttheory,
    title={Introduction to the Theory of Computation},
    author={Sipser, M.},
    address={Boston, MA, USA},
    edition={3},
    year={2013},
    publisher={Cengage Learning}
}

@inbook{contextfreel,
	author	= {Berstel, J. and  Boasson, L.},
	bookauthor = {Van Leeuwen, J.},
	title	= {Context-Free Languages},
	booktitle = {Handbook of Theoretical Computer Science},
	chapter	= {2},
	pages	= {59--102},
	publisher= {Elsevier},
	volume	= {B},
	address = {New York, NY, USA},
	year	= {1990},
	organization={Van Leeuwen, J.}
}

@inproceedings{Kaltofen82factorizationof,
    author = {E. Kaltofen},
    title = {Factorization of Polynomials},
    booktitle = {Computing, Suppl. 4},
    year = {1982},
    pages = {95--113},
    publisher = {Springer-Verlag}
}

@article{algebramoresym,
    author  = {Watt, S. M.},
    title   = {Making Computer Algebra More Symbolic},
    year    = {2006},
    journal = {Proc. Transgressive Computing 2006: A conference in honor or Jean Della Dora},
    volume  = {2006},
    month  = {Abril},
    address = {Granada, Spain},
    pages   = {43--49}
}

@book{elementaryalg,
    title={Computer Algebra and Symbolic Computation},
		subtitle={Elementary Algorithms},
    author={Cohen, J. S.},
    address={Natick, Massachusetts},
    edition={1},
    year={2002},
    publisher={A K Peters}
}

@book{mathmethods,
    title={Computer Algebra and Symbolic Computation},
		subtitle={Mathematical Methods},
    author={Cohen, J. S.},
    address={Natick, Massachusetts},
    edition={1},
    year={2002},
    publisher={A K Peters}
}

@book{symbc,
    title={Symbolic C++},
		subtitle={An Introduction to Computer Algebra using Object-Oriented Programming},
    author={Tan, K. S. and Steeb, W.-H. and Hardy, Y.},
    edition={2},
    year={2000},
    publisher={Springer}
}

@book{appliedaero,
    title={Applied Aerodynamics},
    author={Bairstow, L.},
    year={1920},
    publisher={Longmans, Green and Company}
}

@book{cursocalculo,
    title={Um Curso de Cálculo},
    volume={1},
    author={Guidorizzi, H. L.},
    edition={5},
    chapter={7},
    year={2008},
    publisher={LTC},
    address={Rio de Janeiro, RJ},
}

@book{languagechange,
    title={Calculus},
		subtitle={The Language of Change},
    author={Stroyan, K.},
    edition={3},
    chapter={6},
    year={1998},
    publisher={Academic Press},
    address={USA}
}

@book{structureint,
    title={Structure and Interpretation of Computer Programs},
    author={Abelson, H. and  Sussman, G. J. and Sussman, J.},
    edition={2},
    year={1996},
    publisher={MIT Press},
    address={Cambridge, MA}
}

@article{Bartholomew-Biggs2000ADo,
       author = "Michael C. Bartholomew-Biggs and Steve Brown and Bruce Christianson and Laurence C.
         W. Dixon",
       title = "Automatic Differentiation of Algorithms",
       journal = "Journal of Computational and Applied Mathematics",
       pages = "171--190",
       key = "Bartholomew-Biggs2000ADo",
       referred = "[Christianson2002GoP].",
       ad_theotech = "Introduction",
       year = "2000",
       volume = "124",
       doi = "10.1016/S0377-0427(00)00422-2",
       abstract = "We introduce the basic notions of automatic differentiation, describe some       extensions which are of interest in the context of nonlinear optimization and give some illustrative
         examples."
}

@article{cidoribeiro,
       author = {Ribeiro, C. H. P.},
       title = {Aplicação da Diferenciação Automática (AD) em Métodos de Cálculo de Zeros de Funções},
       journal = {XXVIII Jornada de Iniciação Científica UFRJ},
       pages = {130--131},
			 address = {Rio de Janeiro},
       year = {2006},
       volume = {CT}
}

@book{educmat,
    title={Educação Matemática},
		subtitle={da teoria à prática},
    author={D’Ambrosio, U.},
    edition={23},
    year={2012},
    publisher={Papirus},
    address={Campinas, SP}
}

@online{useeducation,
		title={Uses for Education},
		organization={Wolfram},
		url={https://www.wolfram.com/solutions/education/higher-education/uses-for-education.html},
		year={2016},
		urlaccessdate={10 nov. 2016}
}

@online{precedence,
		title={Precedence},
		author={Pegg, E. Jr. and Stover, C. and Weisstein, E. W.},
		publisher={MathWorld -- A Wolfram Web Resource},
		url={http://mathworld.wolfram.com/Precedence.html},
		year={2016},
		urlaccessdate={16 nov. 2016}
}




@article{intautdiff,
       author = {Neidinger, R. D.},
       title = {Introduction to Automatic Differentiation and MATLAB Object-Oriented Programming},
       journal = {SIAM Review},
       pages = {545--563},
			 edition = {2},
       year = {2010}
}

@inproceedings{autdifftech,
       author = {Rall, L. B.},
       title = {Automatic Differentiation},
			 subtitle = {Techniques and Applications},
			 publisher = {Springer Berlin Heidelberg},
       booktitle = {Lecture Notes in Computer Science},
			 volume = {120},
       pages = {545--563},
			 edition = {2},
       year = {1981}
}

@book{evalderivatives,
    title={Evaluating Derivatives},
		subtitle={Principles and Techniques of Algorithmic Differentiation},
    author={Griewank, A. and Walther, A.},
    edition={2},
    year={2008},
    publisher={Society for Industrial and Applied Mathematics},
    address={Berlin, Germany}
}

@book{modernalgebra,
    title={Modern Computer Algebra},
    author={von zur Gathen, J. and Gerhard, J.},
    edition={2},
    year={2003},
    publisher={Cambridge University Press},
    address={Cambridge}
}

@book{algalgebra,
    title={Algorithms for Computer Algebra},
    author={Geddes, K. O. and Czapor, S. R. and Labahn, G.},
    edition={2},
    year={1992},
    publisher={Springer US},
    address={New York, NY}
}

% Utilizados

@online{edirlei2015,
  title={Conceitos de Linguagens de Programação},
  author={Soares de Lima, Edirlei},
  year={2015},
  pages={2},
  url={http://edirlei.3dgb.com.br/aulas/clp/CLP_Aula_01_Introducao_2015.pdf},
  urlaccessdate={6 jan. 2020},
}

% FIXME: Ajustar ABNT; Corrigir titulo
@online{tiobeDefinition,
    title={TIOBE Programming Community Index Definition},
    url={https://www.tiobe.com/tiobe-index/programming-languages-definition/},
    urlaccessdate={5 jan.2020},
    language={English},
}

% FIXME: Ajustar ABNT; Corrigir titulo
@online{tiobeAbout,
    title={About TIOBE Company},
    url={https://www.tiobe.com/company/about/},
    urlaccessdate={5 jan.2020},
    language={English},
}

% FIXME: Ajustar ABNT;
@online{stackOverflowAbout,
    title={About StackOverflow},
    url={https://stackoverflow.com/company},
    urlaccessdate={6 jan.2020},
    language={English},
}

% FIXME: Ajustar ABNT;
@online{stackOverflowRanking,
    title={Most Popular Technologies - Programming, Scripting, and Markup Languages},
    url={https://insights.stackoverflow.com/survey/2019#most-popular-technologies},
    urlaccessdate={6 jan.2020},
    year={2019},
    language={English},
}

% FIXME: Ajustar ABNT;
@online{iphoneApple,
    title={10 anos de iPhone: veja a evolução dos modelos e os preços de lançamento},
    author={Andressa Neves},
    url={https://canaltech.com.br/smartphone/10-anos-de-iphone-veja-a-evolucao-dos-modelos-e-os-precos-de-lancamento-96070/},
    urlaccessdate={7 mar.2020},
    year={2017},
    language={Portuguese},
}

% FIXME: Ajustar ABNT;
@online{qrCodeCanalTech,
    title={O que é QR code?},
    url={https://canaltech.com.br/produtos/O-que-e-QR-code/},
    urlaccessdate={1 fev.2020},
    language={Portuguese},
}

% FIXME: Ajustar ABNT;
@online{qrCodeOlharDigital,
    title={Você sabe o que é o QR Code? A gente explica},
    author={Roseli Andrion},
    url={https://olhardigital.com.br/fique_seguro/noticia/voce-sabe-o-que-e-o-qr-code-a-gente-explica/90319},
    urlaccessdate={1 fev.2020},
    language={Portuguese},
}

@book{fischerGrodzinsky1993,
    title={The Anatomy of Programming Languages},
    language={English},
    author={Fischer, Alice E. and Grodzinsky},
    pages={3},
    year={1993},
    publisher={Prentice Hall},
    address={Englewood Cliffs, New Jersey},
}

% FIXME: Ajustar ABNT;
@online{captchaGoogle,
    title={O que é CAPTCHA?},
    url={https://support.google.com/a/answer/1217728?hl=pt-BR},
    urlaccessdate={15 fev.2020},
    language={Portuguese},
}

% FIXME: Ajustar ABNT;
@online{captchaWikipedia,
    title={CAPTCHA},
    url={https://pt.wikipedia.org/wiki/CAPTCHA},
    urlaccessdate={15 fev.2020},
    language={Portuguese},
}

% FIXME: Ajustar ABNT;
@online{captchaTecmundo,
    title={O que é CAPTCHA?},
    author={Wikerson Landim},
    url={https://www.tecmundo.com.br/curiosidade/2861-o-que-e-captcha-.htm},
    year={2009},
    urlaccessdate={15 fev.2020},
    language={Portuguese},
}

% FIXME: Ajustar ABNT;
@online{captchaExame,
    title={Algoritmo do Google desvenda CAPTCHAs com quase 100\% de acerto},
    author={Gustavo Gusm{\~a}o},
    url={https://exame.abril.com.br/tecnologia/algoritmo-do-google-desvenda-captchas-com-quase-100-de-acerto/},
    year={2014},
    urlaccessdate={15 fev.2020},
    language={Portuguese},
}

% FIXME: Ajustar ABNT;
@online{captchaG1,
    title={É normal um teste de reCaptcha decidir que você 'não é um robô' só com um clique?},
    author={Altieres Rohr},
    url={https://g1.globo.com/economia/tecnologia/blog/altieres-rohr/post/2019/06/13/e-normal-um-teste-de-recaptcha-decidir-que-voce-nao-e-um-robo-so-com-um-clique.ghtml},
    year={2019},
    urlaccessdate={15 fev.2020},
    language={Portuguese},
}

% FIXME: Ajustar ABNT;
@online{nfceDefinicao,
    title={O que é NFC-e?},
    url={http://nfce.encat.org/institucional/o-que-e-nfc-e/},
    urlaccessdate={9 jan.2020},
    language={Portuguese},
}

% FIXME: Ajustar ABNT;
@online{desenvolvimentoMobile,
    title={Agilidade no desenvolvimento nativo – Flutter vs React Native},
    author={Gustavo Barbosa Barreto and Esdras de Lima Chaves},
    url={https://blog.cedrotech.com/agilidade-no-desenvolvimento-nativo-flutter-vs-react-native/},
    year={2018},
    urlaccessdate={10 jan. 2020},
    language={Portuguese},
}

% FIXME: Ajustar ABNT;
@online{xamarimDefinicao,
    title={O que é Xamarim?},
    url={https://docs.microsoft.com/pt-br/xamarin/get-started/what-is-xamarin},
    year={2019},
    urlaccessdate={16 fev. 2020},
    language={Portuguese},
}

% FIXME: Ajustar ABNT;
@online{nodeJsSobre,
    title={About Node.js},
    url={https://nodejs.org/en/about/},
    urlaccessdate={16 fev. 2020},
    language={English},
}

% FIXME: Ajustar ABNT;
@online{nodeJsMDN,
    title={Express/Node Introduction},
    url={https://developer.mozilla.org/en-US/docs/Learn/Server-side/Express_Nodejs/Introduction},
    urlaccessdate={16 fev. 2020},
    language={English},
}

% FIXME: Ajustar ABNT;
@online{angularIntroduction,
    title={Introduction to the Angular Docs},
    url={https://angular.io/docs},
    urlaccessdate={16 fev. 2020},
    language={English},
}

% FIXME: Ajustar ABNT;
@online{angularWiki,
    title={Angular (framework)},
    organization={Wikipedia},
    url={https://pt.wikipedia.org/wiki/Angular_(framework)},
    urlaccessdate={16 fev. 2020},
    language={Portuguese},
}

% FIXME: Ajustar ABNT;
@online{vueJsAbout,
    title={What is Vue.js?},
    url={https://vuejs.org/v2/guide/},
    urlaccessdate={16 fev. 2020},
    language={English},
}

% FIXME: Ajustar ABNT;
@online{nodeJsSobre,
    title={About Node.js},
    url={https://nodejs.org/en/about/},
    urlaccessdate={16 fev. 2020},
    language={English},
}

% FIXME: Ajustar ABNT;
@online{vueJsWiki,
    title={Vue.js},
    organization={Wikipedia},
    url={https://pt.wikipedia.org/wiki/Vue.js},
    urlaccessdate={16 fev. 2020},
    language={English},
}

% FIXME: Ajustar ABNT;
@online{reactAbout,
    organization={Facebook Open Source},
    url={https://pt-br.reactjs.org/},
    urlaccessdate={16 fev. 2020},
    language={English},
}

% FIXME: Ajustar ABNT;
@online{reactWiki,
    title={React (JavaScript)},
    organization={Wikipedia},
    url={https://pt.wikipedia.org/wiki/React_(JavaScript)},
    urlaccessdate={16 fev. 2020},
    language={Portuguese},
}

% FIXME: Ajustar ABNT;
@online{reactNativeAbout,
    organization={Facebook Open Source},
    url={https://facebook.github.io/react-native/},
    urlaccessdate={16 fev. 2020},
    language={English},
}

% FIXME: Ajustar ABNT;
@online{reactNativeWiki,
    title={React Native},
    organization={Wikipedia},
    url={https://pt.wikipedia.org/wiki/React_Native},
    urlaccessdate={16 fev. 2020},
    language={English},
}

@book{silberschatz2016sistema,
  title={Sistema de Banco de Dados},
  author={Silberschatz, A. and Sundarshan, S. and Korth, H.F.},
  isbn={9788535251425},
  year={2016},
  publisher={Elsevier}
}

@online{cheerio,
    title={Cheerio},
    organization={CheerioJS},
    url={https://cheerio.js.org/},
    urlaccessdate={7 mar. 2020},
    language={English},
}

@online{heroku,
    title={What is Heroku},
    organization={Heroku},
    url={https://www.heroku.com/what},
    urlaccessdate={7 mar. 2020},
    language={English},
}

@online{githubStudentPack,
    title={GitHub Student Developer Pack},
    organization={GitHub},
    url={https://education.github.com/pack},
    urlaccessdate={7 mar. 2020},
    language={English},
}

@online{webscrapingRockContent,
    title={Descubra o que é Web Scraping e como isso pode ajudar a sua estratégia digital},
    author={Daniel Moraes},
    url={https://rockcontent.com/blog/web-scraping/},
    year={2018},
    urlaccessdate={16 fev. 2020},
}

@online{mobileDatabase,
    title={Five of the Most Popular Databases for Mobile Apps},
    author={Abhishek Parihar},
    url={https://blog.trigent.com/five-of-the-most-popular-databases-for-mobile-apps},
    year={2017},
    urlaccessdate={8 mar. 2020},
}

@online{pixDefinicao,
    title={Pagamentos instantâneos},
    organization={Banco Central do Brasil},
    url={https://www.bcb.gov.br/estabilidadefinanceira/pagamentosinstantaneos},
    urlaccessdate={8 mar. 2020},
}

@online{menorPrecoApp,
    title={Menor Preço Compras},
    organization={COMPANHIA DE TECNOLOGIA DA INFORMAÇÃO E COMUNICAÇÃO DO PARANÁ - CELEPAR},
    url={https://compras.menorpreco.pr.gov.br/},
    urlaccessdate={8 mar. 2020},
}

@online{pinngoApp,
    title={Pinngo - Os melhores preços},
    organization={Pinngo},
    url={http://www.pinngo.com.br/},
    urlaccessdate={8 mar. 2020},
}

@online{meusPrecosApp,
    title={Meus Preços},
    organization={Priced},
    url={http://www.meusprecos.com/},
    urlaccessdate={8 mar. 2020},
}

@online{melhorPrecoAmazonasApp,
    title={Melhor Preço Amazonas},
    url={https://play.google.com/store/apps/details?id=io.ionic.melhorprecoamazonas&hl=pt_BR},
    urlaccessdate={8 mar. 2020},
}